@article{CaterSteel2006,
	title={Process improvement for small firms: An evaluation of the {RAPID} assessment-based method},
	author={Cater-Steel, Aileen and Toleman, Mark and Rout, Terry},
	journal={Information and Software Technology},
	volume={48},
	number={5},
	pages={323--334},
	year={2006},
	publisher={Elsevier}
}

@inproceedings{Abrahamsson2002,
	title={Personal software process: Classroom experiences from Finland},
	author={Abrahamsson, Pekka and Kautz, Karlheinz},
	booktitle={European Conference on Software Quality},
	pages={175--185},
	year={2002},
	organization={Springer}
}

@article{Pettersson2008,
	title = {A practitioner’s guide to light weight software process assessment and improvement planning},
	journal = {Journal of Systems and Software},
	volume = {81},
	number = {6},
	pages = {972-995},
	year = {2008},
	issn = {0164-1212},
	author = {F. Pettersson and M. Ivarsson and T. Gorschek and P. Öhman},
}

@book{Humphrey1989,
  title={Managing the software process},
  author={Humphrey, Watts S},
  year={1989},
  publisher={Addison-Wesley Longman Publishing Co., Inc.}
}

@ARTICLE{Basili1988,
  author={Basili, V.R. and Rombach, H.D.},
  journal={IEEE Transactions on Software Engineering}, 
  title={The TAME project: towards improvement-oriented software environments}, 
  year={1988},
  volume={14},
  number={6},
  pages={758-773},
  doi={10.1109/32.6156}
}

@article{Tamrakar2012,
  title={Does the use of Fibonacci numbers in Planning Poker affect effort estimates?},
  author={Tamrakar, Ritesh and J{\o}rgensen, Magne},
  year={2012},
  publisher={IET}
}

@inproceedings{Srivastava2017,
  title={SCRUM model for agile methodology},
  author={Srivastava, Apoorva and Bhardwaj, Sukriti and Saraswat, Shipra},
  booktitle={2017 International Conference on Computing, Communication and Automation (ICCCA)},
  pages={864--869},
  year={2017},
  organization={IEEE}
}

@inproceedings{Schwaber1997,
  title={Scrum development process},
  author={Schwaber, Ken},
  booktitle={Business Object Design and Implementation: OOPSLA’95 Workshop Proceedings 16 October 1995, Austin, Texas},
  pages={117--134},
  year={1997},
  organization={Springer}
}
 
